@article{overview,
  title={Overview of candidate device technologies for storage-class memory},
  author={Burr, Geoffrey W. and Kurdi, B{\"u}lent N. and Scott, J. Campbell and Lam, Chung Hon and Gopalakrishnan, Kailash and Shenoy, Rohit S.},
  journal={IBM Journal of Research and Development},
  volume={52},
  number={4.5},
  pages={449--464},
  year={2008},
  publisher={IBM}
}
@inproceedings{chen,
  author    = {Shimin Chen and
               Phillip B. Gibbons and
               Suman Nath},
  title     = {Rethinking Database Algorithms for Phase Change Memory},
  booktitle = {Proc. of 5th Biennial Conf. on Innovative Data Systems Research (CIDR)},
  year      = {2011}
}
@inproceedings{qureshi,
 author = {Qureshi, Moinuddin K. and Srinivasan, Vijayalakshmi and Rivers, Jude A.},
 title = {Scalable High Performance Main Memory System Using Phase-change Memory Technology},
 booktitle = {Proc. of 36th Intl. Symp. on Computer Architecture (ISCA)},
 year = {2009},
 keywords = {dram caching, phase change memory, wear leveling}
} 

@inproceedings{zhou,
 author = {Zhou, Ping and Zhao, Bo and Yang, Jun and Zhang, Youtao},
 title = {A Durable and Energy Efficient Main Memory Using Phase Change Memory Technology},
 booktitle = {Proc. of 36th Intl. Symp. on Computer Architecture (ISCA)},
 year = {2009},
 keywords = {endurance, low power, phase change memory}
}

@inproceedings{lee,
 author = {Lee, Benjamin C. and Ipek, Engin and Mutlu, Onur and Burger, Doug},
 title = {Architecting Phase Change Memory As a Scalable Dram Alternative},
 booktitle = {Proc. of 36th Intl. Symp. on Computer Architecture (ISCA)},
 year = {2009},
 keywords = {dram alternative, endurance, energy, pcm, performance, phase change memory, power, scalability}
} 

@inproceedings{viglas,
  title={Write-limited sorts and joins for persistent memory},
  author={Viglas, Stratis D},
  booktitle={Proc. of 40th Intl. Conf. on Very Large Data Bases (VLDB)},
  year={2014},
}

@inproceedings{vamsi,
  title={{A Write Efficient PCM-Aware Sort}},
  author={Vamsikrishna, Meduri Venkata and Su, Zhan and Tan, Kian-Lee},
  booktitle={Proc. of 23rd Intl. Conf. on Database and Expert Systems Applications (DEXA)},
  year={2012},
}
@Misc{ibm,
title = {{IBM demonstrates next-gen phase-change memory {that's} up to 275 times faster than your SSD}},
howpublished = {\url{http://www.extremetech.com/extreme/182096-ibm-demonstrates-next-gen-phase-change-memory-thats-up-to-275-times-faster-than-your-ssd}},
year = {2014},
}
@inproceedings{graefe,
  title={Query processing techniques for solid state drives},
  author={Tsirogiannis, Dimitris and Harizopoulos, Stavros and Shah, Mehul A and Wiener, Janet L and Graefe, Goetz},
  booktitle={Proc. of 28th ACM SIGMOD Intl. Conf. on Management of Data},
  year={2009},
  pages={59--72},
}

@inproceedings{multi2sim,
	author = { Ubal, Rafael and Jang, Byunghyun and Mistry, Perhaad and Schaa,
		Dana and Kaeli, David },
	title = { Multi2Sim: A Simulation Framework for {CPU-GPU} Computing },
	booktitle = {Proc. of 21st Intl. Conf. on Parallel Architectures and Compilation Techniques (PACT)},
	year = { 2012 },
  
}
@inproceedings{swaps,
  title={Average case analysis of Java 7's dual pivot quicksort},
  author={Wild, Sebastian and Nebel, Markus E},
  booktitle={Proc. of 20th European Symposium on Algorithms (ESA)},
  year={2012},
}

@inproceedings{write,
  title={A low power phase-change random access memory using a data-comparison write scheme},
  author={Yang, Byung-Do and Lee, Jae-Eun and Kim, Jang-Su and Cho, Junghyun and Lee, Seung-Yun and Yu, Byoung-Gon},
  booktitle={Proc. of 2007 IEEE Intl. Symp. on Circuits and Systems (ISCAS)},
  year={2007},
  }

@inproceedings{nchance,
  title={Increasing {PCM} main memory lifetime},
  author={Ferreira, AP and Zhou, Miao and Bock, S and Childers, B and Melhem, R and Mosse, D},
  booktitle={Proc. of 13th Conf. on Design, Automation and Test in Europe (DATE)},
  year={2010}
  }

@inproceedings{flipnwrite,
 author = {Cho, Sangyeun and Lee, Hyunjin},
 title = {{Flip-N-Write}: A Simple Deterministic Technique to Improve {PRAM} Write Performance, Energy and Endurance},
 booktitle = {Proc. of 42nd Intl. Symp. on Microarchitecture (MICRO)},
 year = {2009},
 keywords = {memory write performance, phase-change memory},
} 

@Misc{cycle_sort,
title = {{Cycle sort}},
key = {{Cycle sort}},
howpublished = {\url{http://en.wikipedia.org/wiki/Cycle_sort}},
year = {2014},
}


@Misc{gray_code,
title = {{Gray code}},
key = {{Gray code}},
howpublished = {\url{http://en.wikipedia.org/wiki/Gray_code}},
year = {2014},
}

@Book{cormen,
author = {T. H. Cormen and C. E. Leiserson and R. L. Rivest and C. Stein},
title = {Introduction to Algorithms},
year = {2009},
publisher = {MIT Press and McGraw-Hill},
edition = {Third},
}

@inproceedings{cost_aware,
 author = {Bausch, Daniel and Petrov, Ilia and Buchmann, Alejandro},
 title = {Making Cost-based Query Optimization Asymmetry-aware},
 booktitle = {Proc. of the 8th Intl. Workshop on Data Management on New Hardware (DaMon)},
 year = {2012},
 OPTpages={24--32}
 } 
 
@inproceedings{condit,
  title={Better {I/O} through byte-addressable, persistent memory},
  author={Condit, Jeremy and Nightingale, Edmund B and Frost, Christopher and Ipek, Engin and Lee, Benjamin and Burger, Doug and Coetzee, Derrick},
  booktitle={SOSP},
  year={2009},
}

@Misc{numonyx,
title = {{Phase Change Memory}},
howpublished = {\url{http://www.pdl.cmu.edu/SDI/2009/slides/
Numonyx.pdf}},
year={2009}
}

@Misc{micron,
title = {Micron Announces Availability of {Phase Change Memory} for Mobile Devices},
howpublished = {\url{http://investors.micron.com/releasedetail.cfm?ReleaseID=692563}},
year={2012}
}

@Misc{samsung,
title = {Samsung Ships Industry{'s} First Multi-chip Package with a {PRAM} Chip for Handsets},
howpublished = {\url{http://www.samsung.com/us/aboutsamsung/news/newsIrRead.do?news_ctgry=irnewsrelease&news_seq=18828}},
year={2010}
}

@inproceedings{wear,
 author = {Qureshi, Moinuddin K. and Karidis, John and Franceschini, Michele and Srinivasan, Vijayalakshmi and Lastras, Luis and Abali, Bulent},
 title = {Enhancing Lifetime and Security of {PCM}-based Main Memory with Start-gap Wear Leveling},
 booktitle = {Proc. of 42nd Intl. Symp. on Microarchitecture (MICRO)},
 year = {2009},
} 

@book{Tenenbaum:1990:DSU:86560,
 author = {Tenenbaum, Aaron M. and Langsam, Yedidyah and Augenstein, Moshe J.},
 title = {Data Structures Using C},
 year = {1990},
 isbn = {0-13-199746-7},
 publisher = {Prentice-Hall, Inc.},
 address = {Upper Saddle River, NJ, USA}
} 

@article{hupredictive,
  title={{B$^p$-Tree}: A Predictive {B$^+$-Tree} for Reducing Writes on Phase Change Memory},
  author={Hu, Weiwei and Li, Guoliang and Ni, Jiacai and Sun, Dalie and Tan, Kian-Lee},
  journal={IEEE Transactions on Knowledge and Data Engineering (TKDE)},
  volume={26},
  number={10},
  OPTpages={2368--2381},
  year={2014},
}

@article{expand,
  title={On the stability of plan costs and the costs of plan stability},
  author={Abhirama, M and Bhaumik, Sourjya and Dey, Atreyee and Shrimal, Harsh and Haritsa, Jayant R},
  journal={PVLDB},
  volume={3},
  number={1-2},
  pages={1137--1148},
  year={2010}
}

@misc{flashsort,
  title={The Flashsort1 Algorithm},
  author={Neubert, Karl-Dietrich},
  journal={Dr. Dobbs Journal},
  howpublished = {\url{http://www.drdobbs.com/database/the-flashsort1-algorithm/184410496}},
  year={1998}
}

@misc{postgres,
  howpublished = {\url{http://www.postgresql.org}}
}

@misc{tpch,
  howpublished = {\url{http://www.tpc.org/tpch}}
}

@article{paging,
  title={Grouping and duplicate elimination: Benefits of early aggregation},
  author={Larson, Per-Ake},
  journal={Microsoft Technical Report},
  year={1997}
}

@TechReport{techreport,
author = {Garg, Vishesh and Singh, Abhimanyu and Haritsa, Jayant R.},
title = {On Improving Write Performance in {PCM} Databases},
institution = {DSL/SERC, IISc},
year = {2015},
OPTkey = {TR-2015-01},
OPTtype = {TR-2015-01},
number = {TR-2015-01},
address = {\url{dsl.serc.iisc.ernet.in/publications/report/TR/TR-2015-01.pdf}},
OPTmonth = {TR-2015-01},
OPTnote = {TR-2015-01},
OPTannote = {TR-2015-01}
}

@TechReport{vivekn,
  title={Program for {TPC-D} data generation with skew},
  author={Chaudhuri, S and Narasayya, V},
  year={2012},
  address={\url{ftp://ftp. research. microsoft. com/users/viveknar/tpcdskew}}
}







